<?xml version="1.0" encoding="UTF-8"?><collection xmlns="http://www.loc.gov/MARC21/slim"><record><leader>00343nam--2200133-i-4500</leader><controlfield tag="001">000020298</controlfield><controlfield tag="002">20161230</controlfield><controlfield tag="005">20161230201033</controlfield><controlfield tag="008">060222s1000------------r-----000-0-eng-d</controlfield><datafield ind1=" " ind2=" " tag="100"><subfield code="a">Vacu, Silvia</subfield></datafield><datafield ind1=" " ind2=" " tag="245"><subfield code="a">Ursu, vasile/s.a.</subfield></datafield><datafield ind1=" " ind2=" " tag="260"><subfield code="a">Elaborarea Otelurilor Aliate</subfield></datafield><datafield ind1=" " ind2=" " tag="490"><subfield code="a">Bucuresti, Editura Tehnica, 1983. 399 P</subfield></datafield><datafield ind1=" " ind2=" " tag="852"><subfield code="a">669.14:621.78</subfield></datafield></record></collection>